<collection xmlns="http://www.loc.gov/MARC21/slim"><record><leader>00904nam  2200253   450</leader><controlfield tag="001">809</controlfield><controlfield tag="003">http://montalegre.opacnet.com/OPAC/default.aspx?ContentAreaControl=ShowRegHoldings.ascx&amp;RegNo=16662</controlfield><datafield tag="021" ind1=" " ind2=" "><subfield code="a">PT</subfield><subfield code="b">155505/88</subfield></datafield><datafield tag="100" ind1=" " ind2=" "><subfield code="a">20061013d1988----m y0pory0103 ba</subfield></datafield><datafield tag="101" ind1="1" ind2=" "><subfield code="a">por</subfield><subfield code="c">spa</subfield></datafield><datafield tag="102" ind1=" " ind2=" "><subfield code="a">PT</subfield></datafield><datafield tag="200" ind1="1" ind2=" "><subfield code="a">&lt;A &gt;cidade e os cães</subfield><subfield code="f">Mario Vargas Llosa</subfield><subfield code="g">tradução de José Eduardo Mendonça</subfield></datafield><datafield tag="210" ind1=" " ind2=" "><subfield code="a">Mem Martins</subfield><subfield code="c">Europa-América</subfield><subfield code="d">1988</subfield></datafield><datafield tag="215" ind1=" " ind2=" "><subfield code="a">301 p.</subfield><subfield code="d">18 cm</subfield></datafield><datafield tag="225" ind1="2" ind2=" "><subfield code="a">Livros de bolso Europa-América</subfield><subfield code="v">505</subfield></datafield><datafield tag="304" ind1=" " ind2=" "><subfield code="a">Tít. orig.: La ciudad y los peros</subfield></datafield><datafield tag="606" ind1="1" ind2=" "><subfield code="a">Literatura peruana</subfield></datafield><datafield tag="608" ind1=" " ind2=" "><subfield code="a">Romance</subfield></datafield><datafield tag="675" ind1=" " ind2=" "><subfield code="a">821.134.2(7/8)</subfield></datafield><datafield tag="700" ind1=" " ind2="1"><subfield code="a">Vargas Llosa</subfield><subfield code="b">Jorge Mario Pedro</subfield><subfield code="f">1936-</subfield></datafield><datafield tag="702" ind1=" " ind2="1"><subfield code="a">Mendonça</subfield><subfield code="b">José Eduardo</subfield><subfield code="4">730</subfield></datafield><datafield tag="801" ind1=" " ind2="0"><subfield code="a">PT</subfield><subfield code="b">Biblioteca Municipal de Montalegre</subfield><subfield code="g">RPC</subfield></datafield><datafield tag="856" ind1=" " ind2=" "><subfield code="u">locateMedia.asp?cod=20060622155156&amp;ext=jpg</subfield><subfield code="z">CAPA</subfield></datafield><datafield tag="909" ind1="&#9;" ind2=" "><subfield code="a">2</subfield></datafield><datafield tag="966" ind1=" " ind2=" "><subfield code="a">0005465</subfield><subfield code="l">BMM</subfield><subfield code="s">SCG 821.134.2(7/8) VAR cid 505</subfield></datafield><datafield tag="966" ind1=" " ind2=" "><subfield code="a">0005466</subfield><subfield code="l">BMM</subfield><subfield code="s">SCG 821.134.2(7/8) VAR cid 505</subfield></datafield></record></collection>